<?xml version="1.0" encoding="UTF-8"?><record xmlns="http://www.loc.gov/MARC21/slim" xmlns:cinclude="http://apache.org/cocoon/include/1.0" xmlns:zs="http://www.loc.gov/zing/srw/">
  <leader>00378nz  a2200121n  4500</leader>
  <controlfield tag="001">n  91108334 </controlfield>
  <controlfield tag="003">DLC</controlfield>
  <controlfield tag="005">19920109120024.7</controlfield>
  <controlfield tag="008">911024n| acannaab|          |n aaa |||  </controlfield>
  <datafield tag="010" ind1=" " ind2=" ">
    <subfield code="a">n  91108334 </subfield>
  </datafield>
  <datafield tag="040" ind1=" " ind2=" ">
    <subfield code="a">DLC</subfield>
    <subfield code="c">DLC</subfield>
  </datafield>
  <datafield tag="100" ind1="1" ind2="0">
    <subfield code="a">Mock, Dorothy K.,</subfield>
    <subfield code="d">1941-</subfield>
  </datafield>
  <datafield tag="670" ind1=" " ind2=" ">
    <subfield code="a">Her Worms for Winston, c1992:</subfield>
    <subfield code="b">CIP t.p. (Dorothy K. Mock) data sheet (b. 08-15-41) pub. info. (res. Independence, KS)</subfield>
  </datafield>
</record>